@article{Ranjan08,
    author = {Ranjan, R. and Gneiting, T.},
    title = {Combining Probability Forecasts},
journal = {Journal of the Royal Statistical Society: Series B (Statistical Methodology)},
volume = {72},
pages = {71-91},
    year = {2010}
}

@article{gelman2008weakly,
  title={A weakly informative default prior distribution for logistic and other regression models},
  author={Gelman, Andrew and Jakulin, Aleks and Pittau, Maria Grazia and Su, Yu-Sung},
  journal={The Annals of Applied Statistics},
  pages={1360--1383},
  year={2008},
  publisher={JSTOR}
}

@article{carter1994gibbs,
  title={On Gibbs sampling for state space models},
  author={Carter, Chris K and Kohn, Robert},
  journal={Biometrika},
  volume={81},
  number={3},
  pages={541--553},
  year={1994},
  publisher={Biometrika Trust}
}

@article{migon2005dynamic,
  title={Dynamic models},
  author={Migon, Helio S and Gamerman, Dani and Lopes, Hedibert F and Ferreira, Marco AR},
  journal={Handbook of Statistics},
  volume={25},
  pages={553--588},
  year={2005},
  publisher={Elsevier}
}

@ARTICLE{Bjorkman,
   AUTHOR  = {Bjorkman, M. and Juslin, P. and Winman, A.},
   TITLE   = {Realism of confidence in sensory discrimination: The underconfidence phenomenon},  
   YEAR    = {1993},
   JOURNAL = {Perception and Psychophysics},
   VOLUME  = {54},
   PAGES   = {75-81}
}

@ARTICLE{Zhang,
   AUTHOR  = {Zhang, H. and Maloney, L. T.},
   TITLE   = {Ubiquitous Log Odds: A Common Representation of Probability and Frequency Distortion in Perception, Action, and Cognition},  
   YEAR    = {2012},
   JOURNAL = {Frontiers in Neuroscience},
   VOLUME  = {6},
pages = {1-14}
}

@article{hoeting1999bayesian,
  title={Bayesian model averaging: a tutorial},
  author={Hoeting, Jennifer A and Madigan, David and Raftery, Adrian E and Volinsky, Chris T},
  journal={Statistical science},
  pages={382--401},
  year={1999},
  publisher={JSTOR}
}

@article{winkler1968good,
  title={“Good” Probability Assessors1},
  author={Winkler, Robert L and Murphy, Allan H},
  year={1968}
}

@article{cooke1991experts,
  title={Experts in uncertainty: opinion and subjective probability in science},
  author={Cooke, Roger M},
  year={1991},
  publisher={New York, NY (United States); Oxford University Press}
}

@book{tetlock2005expert,
  title={Expert political judgment: How good is it? How can we know?},
  author={Tetlock, Philip E},
  year={2005},
  publisher={Princeton University Press}
}

@article{pepe2003statistical,
  title={The statistical evaluation of medical tests for classification and prediction},
  author={Pepe, Margaret Sullivan},
  year={2003},
  publisher={Oxford University Press Oxford}
}

@article{baars2005performance,
  title={Performance of National Weather Service forecasts compared to operational, consensus, and weighted model output statistics},
  author={Baars, Jeffrey A and Mass, Clifford F},
  journal={Weather and forecasting},
  volume={20},
  number={6},
  pages={1034--1047},
  year={2005}
}

@article{vislocky1995improved,
  title={Improved model output statistics forecasts through model consensus},
  author={Vislocky, Robert L and Fritsch, J Michael},
  journal={Bulletin of the American Meteorological Society},
  volume={76},
  number={7},
  pages={1157--1164},
  year={1995}
}

@article{sanders1963subjective,
  title={On subjective probability forecasting},
  author={Sanders, Frederick},
  journal={Journal of Applied Meteorology},
  volume={2},
  number={2},
  pages={191--201},
  year={1963}
}

@article{wilson1998prediction,
  title={Prediction of coronary heart disease using risk factor categories},
  author={Wilson, Peter WF and D’Agostino, Ralph B and Levy, Daniel and Belanger, Albert M and Silbershatz, Halit and Kannel, William B},
  journal={Circulation},
  volume={97},
  number={18},
  pages={1837--1847},
  year={1998},
  publisher={Am Heart Assoc}
}

@article{wright1994coherence,
  title={Coherence, calibration, and expertise in judgmental probability forecasting},
  author={Wright, George and Rowe, Gene and Bolger, Fergus and Gammack, John},
  journal={Organizational Behavior and Human Decision Processes},
  volume={57},
  number={1},
  pages={1--25},
  year={1994},
  publisher={Elsevier}
}

@article{neal2003slice,
  title={Slice sampling},
  author={Neal, Radford M},
  journal={Annals of statistics},
  pages={705--741},
  year={2003},
  publisher={JSTOR}
}

@book{agresti2002categorical,
  title={Categorical data analysis},
  author={Agresti, Alan},
  volume={359},
  year={2002},
  publisher={John Wiley \& Sons}
}

@article{shlyakhter1994quantifying,
  title={Quantifying the credibility of energy projections from trends in past data: The US energy sector},
  author={Shlyakhter, Alexander I and Kammen, Daniel M and Broido, Claire L and Wilson, Richard},
  journal={Energy Policy},
  volume={22},
  number={2},
  pages={119--130},
  year={1994},
  publisher={Elsevier}
}

@article{raftery2005using,
  title={Using Bayesian model averaging to calibrate forecast ensembles},
  author={Raftery, Adrian E and Gneiting, Tilmann and Balabdaoui, Fadoua and Polakowski, Michael},
  journal={Monthly Weather Review},
  volume={133},
  number={5},
  pages={1155--1174},
  year={2005}
}

@inproceedings{gneiting2004verifying,
  title={Verifying probabilistic forecasts: Calibration and sharpness},
  author={Gneiting, Tilmann and Raftery, AE and Balabdaoui, F and Westveld, A},
  booktitle={17th Conference on Probablity and Statistics in the Atmospheric Sciences},
  year={2004}
}

@misc{Armstrong,
   AUTHOR  = {Graefe, A. and Amstrong, J. S. and Randall, J. J. and Cuzan, A. G.},
   TITLE   = {Combining Forecasts: An Application to Elections},  
   YEAR    = {June 22, 2012},
   JOURNAL = {Revised version of APSA 2011 Annual Meeting Paper},
howpublished = {Revised version of APSA 2011 Annual Meeting Paper},
note = {Available at: http://ssrn.com/abstract=1902850}
}

@article{Baron,
author = {Baron, J. and Ungar, L. H. and Mellers, B. A. and Tetlock P. E.},
title = {Two reasons to make aggregated probability forecasts more extreme},
journal = {submitted},
year = {2013}
}

@article{satopaa,
author = {Satop\"a\"a, V. A. and Baron, J. and Foster, D. P. and Mellers, B. A. and Tetlock, P. E. and Ungar, L. H.},
title = {Combining Multiple Probability Predictions Using a Simple Logit Model},
journal = {submitted},
year = {2013}
}


@article{Genest,
author = {Genest, C. and Zidek, J. V.},
title = {Combining Probability Distributions: A Critique and an Annotated Bibliography},
journal = {Statistical Science},
year = {1986},
pages = {114-148},
volume = {1},
number = {1}
}

@article{chen2009learning,
  title={Learning Classifiers from Imbalanced, Only Positive and Unlabeled Data Sets},
  author={Chen, Yetian},
  journal={Department of Computer Science Iowa State University},
  year={2009}
}

@article{brocker2007increasing,
  title={Increasing the reliability of reliability diagrams},
  author={Br{\"o}cker, Jochen and Smith, Leonard A},
  journal={Weather and Forecasting},
  volume={22},
  number={3},
  pages={651--661},
  year={2007}
}



@article{hastings1947low,
  title={Low moments for small samples: a comparative study of order statistics},
  author={Hastings, Cecil and Mosteller, Frederick and Tukey, John W and Winsor, Charles P},
  journal={The Annals of Mathematical Statistics},
  volume={18},
  number={3},
  pages={413--426},
  year={1947},
  publisher={Institute of Mathematical Statistics}
}

@inproceedings{niculescu2005obtaining,
  title={Obtaining Calibrated Probabilities from Boosting.},
  author={Niculescu-Mizil, Alexandru and Caruana, Rich},
  booktitle={UAI},
  pages={413},
  year={2005}
}

@book{gelman2003bayesian,
  title={Bayesian data analysis},
  author={Gelman, Andrew and Carlin, John B and Stern, Hal S and Rubin, Donald B},
  year={2003},
  publisher={CRC press}
}

@MISC{Wilson94cognitivefactors,
    author = {Alyson G. Wilson and Alyson G. Wilson},
    title = {Cognitive Factors Affecting Subjective Probability Assessment},
    year = {1994}
}

@article{platt1999probabilistic,
  title={Probabilistic outputs for support vector machines and comparisons to regularized likelihood methods},
  author={Platt, John and others},
  journal={Advances in large margin classifiers},
  volume={10},
  number={3},
  pages={61--74},
  year={1999},
  publisher={Cambridge, MA}
}

@article{bonferroni,
  title={Teoria statistica delle classi e calcolo delle probabilit\'a},
  author={Bonferroni, C. E.},
journal = {Pubblicazioni del R Istituto Superiore di Scienze Economiche e Commerciali di Firenze},
  year={1936},
volume = {8},
pages = {3-62},
}


@inproceedings{wallace2012class,
  title={Class probability estimates are unreliable for imbalanced data (and how to fix them)},
  author={Wallace, Byron C and Dahabreh, Issa J},
  booktitle={Data Mining (ICDM), 2012 IEEE 12th International Conference on},
  pages={695--704},
  year={2012},
  organization={IEEE}
}
@inproceedings{gent1996phase,
  title={Phase transitions and annealed theories: Number partitioning as a case study'},
  author={Gent, Ian P and Walsh, Toby},
  booktitle={ECAI},
  pages={170--174},
  year={1996},
  organization={Citeseer}
}

@inproceedings{ungar2012good,
  title={The Good Judgment Project: A Large Scale Test of Different Methods of Combining Expert Predictions},
  author={Ungar, Lyle and Mellers, Barbara and Satop{\"a}{\"a}, Ville and Tetlock, Philip and Baron, Jon},
  booktitle={2012 AAAI Fall Symposium Series},
  year={2012}
}

@book{kellerer2004knapsack,
  title={Knapsack problems},
  author={Kellerer, Hans and Pferschy, Ulrich and Pisinger, David},
  year={2004},
  publisher={Springer}
}

@book{mitchell2007multi,
  title={Multi-sensor data fusion: an introduction},
  author={Mitchell, Harvey B},
  year={2007},
  publisher={Springer}
}

@book{karmarkar1982differencing,
  title={The differencing method of set partitioning},
  author={Karmarkar, Narendra and Karp, Richard M},
  year={1982},
  publisher={Computer Science Division (EECS), University of California Berkeley}
}

@article{hayes2002easiest,
  title={The easiest hard problem},
  author={Hayes, Brian},
  journal={American Scientist},
  volume={90},
  number={2},
  pages={113--117},
  year={2002}
}

@article{lubinski1996seeing,
  title={Seeing the forest from the trees: When predicting the behavior or status of groups, correlate means.},
  author={Lubinski, David and Humphreys, Lloyd G},
  journal={Psychology, Public Policy, and Law},
  volume={2},
  number={2},
  pages={363},
  year={1996},
  publisher={American Psychological Association}
}

@misc{Bacco,
   AUTHOR  = {Di Bacco, M. and Frederic, P. and Lad, F.},
   TITLE   = {Learning from the Probability Assertions of Experts}, 
   YEAR    = {2003},
howpublished = {Research Report},
note = {Available at: http://www.math.canterbury.ac.nz/research/ucdms2003n6.pdf}
}

@article{good1952rational,
  title={Rational decisions},
  author={Good, Irving John},
  journal={Journal of the Royal Statistical Society. Series B (Methodological)},
  pages={107--114},
  year={1952},
  publisher={JSTOR}
}

@article{metropolis1953equation,
  title={Equation of state calculations by fast computing machines},
  author={Metropolis, Nicholas and Rosenbluth, Arianna W and Rosenbluth, Marshall N and Teller, Augusta H and Teller, Edward},
  journal={The journal of chemical physics},
  volume={21},
  pages={1087},
  year={1953}
}

@article{buja2005loss,
  title={Loss functions for binary class probability estimation and classification: Structure and applications},
  author={Buja, Andreas and Stuetzle, Werner and Shen, Yi},
  journal={Working draft, November},
  year={2005}
}

@article{Gneiting04strictlyproper,
    author = {Tilmann Gneiting and Adrian E. Raftery},
    title = {Strictly Proper Scoring Rules, Prediction, and Estimation},
    journal = {Journal of the American Statistical Association},
volume = {102},
pages = {359-378},
    year = {2007}
}

@article{McKenzie2008179,
title = "Overconfidence in interval estimates: What does expertise buy you?",
journal = "Organizational Behavior and Human Decision Processes",
volume = "107",
number = "2",
pages = "179 - 191",
year = "2008",
note = "",
issn = "0749-5978",
doi = "10.1016/j.obhdp.2008.02.007",
url = "http://www.sciencedirect.com/science/article/pii/S0749597808000186",
author = "Craig R.M. McKenzie and Michael J. Liersch and Ilan Yaniv",
keywords = "Overconfidence",
keywords = "Expertise",
keywords = "Interval estimates"
}

@unpublished{bacharach,
   AUTHOR  = {Bacharach, M.},
   TITLE   = {Scientific Disagreement},  
   YEAR    = {1972},
   NOTE    = {Unpublished manuscript}
}

@ARTICLE{Brier,
   AUTHOR  = {Brier, G. W.},
   TITLE   = {Verification of Forecasts Expressed in Terms of Probability},  
   YEAR    = {1950},
   JOURNAL = {Monthly Weather Review},
   VOLUME  = {78},
   PAGES   = {1-3}
}

@ARTICLE{Geo,
   AUTHOR  = {Allard, D. and Comunian, A. and Renard, P.},
   TITLE   = {Probability Aggregation Methods in Geoscience},  
   YEAR    = {2012},
   JOURNAL = {Mathematical Geosciences},
   VOLUME  = {44},
   PAGES   = {545-581}
}

@ARTICLE{Fox,
   AUTHOR  = {Fox, C. R. and Rottenstreich, Y.},
   TITLE   = {Partition priming in judgment under uncertainty},  
   YEAR    = {2003},
   JOURNAL = {Psychological Science},
   VOLUME  = {14},
   PAGES   = {195-200}
}

@ARTICLE{Wallsten97evaluatingand,
    author = {Thomas S. Wallsten and David V. Budescu and Ido Erev},
    title = {Evaluating and combining subjective probability estimates},
    journal = {Journal of Behavioral Decision Making},
    year = {1997},
volume = {10},
    pages = {243--268}
}


@ARTICLE{bordley,
    author = {Bordley, R. F},
    title = {A multiplicative formula for aggregating probability assessments},
    journal = {Management Science},
    year = {1982},
volume = {10},
    pages = {1137-1148}
}

@ARTICLE{polyakova,
    author = {Polyakova, E. I. and Journel, A. G.},
    title = {The nu expression for probabilistic data integration},
    journal = {Mathematical Geology},
volume = {39},
pages = {715-733},
    year = {2007}
}


@incollection{armstrong2,
    author = {Armstrong, J. S.},
editor = {Armstrong, J. S.},
    title = {Combining Forecasts},
booktitle = {Principles of Forecasting: A Handbook for Researchers and Practitioners},
publisher = {Kluwer Academic Publishers},
address = {Norwell, MA},
    year = {2001},
pages = {417-439}
}

@article{tanner1954decision,
  title={A decision-making theory of visual detection.},
  author={Tanner Jr, Wilson P and Swets, John A},
  journal={Psychological review},
  volume={61},
  number={6},
  pages={401},
  year={1954},
  publisher={American Psychological Association}
}

@book{ess2001culture,
  title={Culture, technology, communication [electronic resource]: towards an intercultural global village},
  author={Ess, Charles and Sudweeks, Fay},
  year={2001},
  publisher={SUNY Press}
}

@article{primo2009calibration,
  title={Calibration of probabilistic forecasts of binary events},
  author={Primo, Cristina and Ferro, Christopher AT and Jolliffe, Ian T and Stephenson, David B},
  journal={Monthly Weather Review},
  volume={137},
  number={3},
  pages={1142--1149},
  year={2009}
}

@article{bier2004implications,
  title={Implications of the research on expert overconfidence and dependence},
  author={Bier, Vicki},
  journal={Reliability Engineering \& System Safety},
  volume={85},
  number={1},
  pages={321--329},
  year={2004},
  publisher={Elsevier}
}

@book{morgan1992uncertainty,
  title={Uncertainty: a guide to dealing with uncertainty in quantitative risk and policy analysis},
  author={Morgan, Millett Granger},
  year={1992},
  publisher={Cambridge University Press}
}

@book{lichtenstein1977calibration,
  title={Calibration of probabilities: The state of the art},
  author={Lichtenstein, Sarah and Fischhoff, Baruch and Phillips, Lawrence D},
  year={1977},
  publisher={Springer}
}

@article{simpson1951interpretation,
  title={The interpretation of interaction in contingency tables},
  author={Simpson, Edward H},
  journal={Journal of the Royal Statistical Society. Series B (Methodological)},
  pages={238--241},
  year={1951},
  publisher={JSTOR}
}

@article{gneiting2008rejoinder,
  title={Rejoinder on: Assessing probabilistic forecasts of multivariate quantities, with an application to ensemble predictions of surface winds},
  author={Gneiting, Tilmann and Stanberry, Larissa I and Grimit, Eric P and Held, Leonhard and Johnson, Nicholas A},
  journal={Test},
  volume={17},
  number={2},
  pages={256--264},
  year={2008},
  publisher={Springer}
}

@article{clemen2007aggregating,
  title={Aggregating probability distributions},
  author={Clemen, Robert T and Winkler, Robert L},
  journal={Advances in Decision Analysis},
  pages={154--176},
  year={2007},
  publisher={Cambridge University Press}
}

@ARTICLE{clemen,
    author = {Clemen, R. T.},
    title = {Combining forecasts: A review and annotated bibliography},
    journal = {International Journal of Forecasting},
    year = {1989},
pages = {559-583},
volume = {5}
}

@ARTICLE{Ariely00theeffects,
    author = {Dan Ariely and Wing Tung Au and Randall H. Bender and David V. Budescu and Christiane B. Dietz and Hongbin Gu and Thomas S. Wallsten and Gal Zauberman},
    title = {The effects of averaging subjective probability estimates between and within judges},
    journal = {Journal of Experimental Psychology: Applied},
    year = {2000},
    pages = {130-147},
volume = {6}
}


@ARTICLE{Phillips,
    author = {Phillips, L. D. and Edwards, W.},
    title = {Conservatism in a simple probabilistic inference task},
    journal = {Journal of experimental psychology},
    year = {1966},
volume = {72},
    pages = {346-354}
}

@article{GoldShadlen2001,
    author = {Gold, J I. and Shadlen, M N.},
    journal = {Trends Cogn Sci},
    number = {1},
    pages = {10-16},
    title = {Neural computations that underlie decisions about sensory stimuli},
    volume = {5},
    year = {2001}
}

@article{GoldShadlen2002,
    author = {Gold, J. I. and Shadlen, M. N.},
    journal = {Neuron},
    number = {2},
    pages = {299--308},
    title = {Banburismus and the brain: decoding the relationship between sensory stimuli, decisions, and reward.},
    volume = {36},
    year = {2002}
}

@article{Maloney2006,
    author = {Maloney, L. T. and Dal Martello, M. F.},
    journal = {J. Vis.},
    pages = {1047-1056},
    title = {Kin recognition and the perceived facial similarity of children},
    volume = {6},
    year = {2006}
}

@article{Erev1994,
    author = {Erev, I and Wallsten, T. S. and Budescu, D. V.},
    journal = {Psychological Review},
    pages = {519-527},
    title = {Simultaneous Over- and Underconfidence: The Role of Error in Judgment Processes.},
    volume = {66},
    year = {1994}
}

@article{Wallsten2001,
    author = {Wallsten, T. S. and Diederich, A.},
    journal = {Mathematical Social Sciences},
    pages = {1-18},
    title = {Understanding Pooled Subjective Probability Estimates},
    volume = {18},
    year = {2001}
}

@misc{magg2012,
  title = {The Good Judgment Project: A Large Scale Test of Different Methods of Combining Expert Predictions},
 author = {Ungar, L. H. and Mellers, B. A. and Satop\"a\"a, V. A. and Baron, J. and Tetlock, P. E. and Ramos, J. and Swift, S.},
  year = {November 2-4 2012},
journal = {Machine Aggregation of Human Judgment AAAI Fall Symposium 2012}
  }



@book{Kahneman,
author = {Kahneman, D. and Slovic, P. and Tversky, A.},
year = {1982},
title = {Judgment under uncertainty: Heuristics and biases},
address = {New York},
publisher = {Cambridge University Press}
} 
 